@article{topaloglu2009using,
    title={Using Lagrangian relaxation to compute capacity-dependent bid prices in network revenue management},
    author={Topaloglu, Huseyin},
    journal={Operations Research},
    volume={57},
    number={3},
    pages={637--649},
    year={2009},
    publisher={INFORMS}
}